@Manual{BitcoinRetarget,
	author = {{Bitcoin Core}},
	title = {pow.cpp},
	note = {Available at \url{https://github.com/bitcoin/bitcoin/blob/78dae8caccd82cfbfd76557f1fb7d7557c7b5edb/src/pow.cpp#L49}}

}

@Manual{Bitcoin-ABC,
	author = {{Bitcoin ABC}},
	title = {Difficulty Adjustment Algorithm Update},
	date = {November 1, 2017},
	note = {Available at \url{https://www.bitcoinabc.org/2017-11-01-DAA/}},
}

@Manual{BitcoinCashMining,
	author = {{Aaron van Wirdum}},
	title = {Miners Are Milking Bcash’s Difficulty Adjustments (and Why This Is a Problem)},
	date = {August 27, 2017},
	note = {Available at \url{https://bitcoinmagazine.com/articles/miners-are-milking-bcashs-difficulty-adjustments-and-why-problem1/}}
}

@Manual{BitcoinCashDifficulty,
	author = {{BitInfoCharts}},
	title = {Bitcoin Cash Difficulty historical chart},
	date = {November 16, 2018},
	note = {Available at \url{https://bitinfocharts.com/comparison/bitcoin%20cash-difficulty.html}}
}

@Manual{EthereumUncles,
	author = {{Vitalik Buterin}},
	title = {EIP 100: Change difficulty adjustment to target mean block time including uncles},
	date = {Apr 29, 2016},
	note = {Available at \url{https://github.com/ethereum/EIPs/issues/100}}
}

@Manual{BitcoinPOW,
	author = {{Bitcoin Core}},
	title = {pow.cpp},
	date = {July 27, 2018},
	note = {Available at \url{https://github.com/bitcoin/bitcoin/blob/384967f311b4c6b1d6c797f7821d25feb26bafbf/src/pow.cpp#L74}}
}

@Manual{EthereumPOW,
	author = {{Go Ethereum}},
	title = {sealer.go},
	date = {November 8, 2018},
	note = {Available at \url{https://github.com/ethereum/go-ethereum/blob/144c1c6c52456808428e2b69dbe5c4ebfc3606ca/consensus/ethash/sealer.go#L166}}
}

@Manual{CryptoAlgos,
	author = {{Shu-jen Chang} and {Ray Perlner} and {William E. Burr} and {Meltem Sönmez Turan} and {John M. Kelsey} and {Souradyuti Paul} and {Lawrence E. Bassham}},
	title = {Third-Round Report of the SHA-3 Cryptographic Hash Algorithm Competition},
	date = {November, 2012},
	note = {Available at \url{https://nvlpubs.nist.gov/nistpubs/ir/2012/NIST.IR.7896.pdf}}
}

@Manual{GammaDistHycon,
	author = {{Matt Bognar}},
	title = {Gamma Distribution},
	date = {Jan, 2016},
	note = {Available at \url{https://homepage.divms.uiowa.edu/~mbognar/applets/gamma.html}}
}
	
@Manual{Wolfram,
	author = {{Wolfram Alpha}},
	title = {Computational Intelligence},
	date = {November 16, 2018},
	note = {Available at \url{https://www.wolframalpha.com/input/?i=y+%3D+1+-+.5%5Ex+from+0+to+10}}
}

@Manual{BitcoinWhitepaper,
	author = {{Satoshi Nakamoto}},
	title = {Bitcoin: A Peer-to-Peer Electronic Cash System},
	date = {October, 2008},
	note = {Available at \url{https://bitcoin.org/bitcoin.pdf}}
}

@Manual{EthereumYellowpaper,
	author = {{Dr. Gavin Wood}},
	title = {Ethereum: A Secure Decentralised Generalised Transaction Ledger},
	subtitle = {Byzantium Version},
	date = {November 8, 2018},
	note = {Available at \url{https://ethereum.github.io/yellowpaper/paper.pdf}}
}

@Manual{EthereumDifficulty,
	author = {{Ajay Singh and Neeraj S Srivastava}},
	title = {How Difficulty Adjustment Algorithm Works in Ethereum},
	date = {August 25, 2017},
	note = {Available at \url{https://dltlabs.com/how-difficulty-adjustment-algorithm-works-in-ethereum/}}
}

@Manual{GammaDistDefinition,
	author = {{Eric W. Weisstein}},
	title = {Gamma Distribution},
	note = {Available at \url{http://mathworld.wolfram.com/GammaDistribution.html}}
}

@Manual{HyconNetwork,
	author = {{Hycon Foundation}},
	title = {Hycon Block Explorer},
	note = {Available at \url{https://explorer.hycon.io/}}
}

@Manual{AdvancedDistribution,
	author = {{Wolfram Alpha}},
	title = {Computational Intelligence},
	note = {Available at \url{https://www.wolframalpha.com/input/?i=y+\%3D+2+*+t+*+1000+*+.00001+*+(1+-+.4\%5Et)+*+e\%5E(-t\%5E2+*+1000+*+.00001+*+(1+-+.4\%5E(t+\%2F+15)))+from+0+to+35}}
}
